@misc{todo,
	author = "Nobody Jr",
	title = "My Article",
	year = "2006" 
}

@article{DrapalKepka89,
	author = {Drápal, Aleš and Kepka, Tomáš},
	journal = {Commentationes Mathematicae Universitatis Carolinae},
	keywords = {distances of Latin squares; Cayley tables},
	language = {eng},
	number = {4},
	pages = {621-626},
	publisher = {Charles University in Prague, Faculty of Mathematics and Physics},
	title = {On a distance of groups and Latin squares},
	url = {http://eudml.org/doc/17772},
	volume = {30},
	year = {1989},
}

@article{DrapalKepka85,
	author = {Drápal, Aleš and Kepka, Tomáš},
	journal = {Commentationes Mathematicae Universitatis Carolinae},
	keywords = {finite group; Cayley table; Latin square},
	language = {eng},
	number = {2},
	pages = {275-283},
	publisher = {Charles University in Prague, Faculty of Mathematics and Physics},
	title = {Group distances of Latin squares},
	url = {http://eudml.org/doc/17380},
	volume = {026},
	year = {1985},
}

@MISC{Cavenagh03,
    author = {Nicholas J. Cavenagh},
    title = {The Size of the Smallest Latin Trade in a Back Circulant Latin Square},
    year = {2003}
}

@article{CavenaghWanless09,
	year={2009},
	issn={0925-9899},
	journal={Journal of Algebraic Combinatorics},
	volume={30},
	issue={3},
	doi={10.1007/s10801-008-0165-9},
	title={Latin trades in groups defined on planar triangulations},
	url={http://dx.doi.org/10.1007/s10801-008-0165-9},
	publisher={Springer US},
	keywords={Latin trade; Bitrade; Latin square; Abelian group; Planar triangulation; Smith normal form; Permanent},
	author={Cavenagh, Nicholas J. and Wanless, Ian M.},
	pages={323-347},
	language={English}
}

@article{CavenaghLisonek08,
	 author = {Cavenagh, Nicholas and Lison\v{e}k, Petr},
	 title = {Note: Planar Eulerian triangulations are equivalent to spherical Latin bitrades},
	 journal = {J. Comb. Theory Ser. A},
	 issue_date = {January, 2008},
	 volume = {115},
	 number = {1},
	 month = jan,
	 year = {2008},
	 issn = {0097-3165},
	 pages = {193--197},
	 numpages = {5},
	 url = {http://dx.doi.org/10.1016/j.jcta.2007.04.002},
	 doi = {10.1016/j.jcta.2007.04.002},
	 acmid = {1321806},
	 publisher = {Academic Press, Inc.},
	 address = {Orlando, FL, USA},
	 keywords = {Eulerian triangulation, Isomorph-free generation, Latin bitrade, Steiner triple trade}
} 

@article {Drapal91,
    AUTHOR = {Dr{\'a}pal, Ale{\v{s}}},
     TITLE = {On a planar construction of quasigroups},
   JOURNAL = {Czechoslovak Math. J.},
  FJOURNAL = {Czechoslovak Mathematical Journal},
    VOLUME = {41(116)},
      YEAR = {1991},
   PAGES = {538--548},
      ISSN = {0011-4642},
     CODEN = {CZMJAE},
   MRCLASS = {20N05},
  MRNUMBER = {1117806 (93c:20114)},
}

@article{Trustrum65,
	author = {Trustrum,G. B.},
	title = {Mrs Perkins's quilt},
	journal = {Mathematical Proceedings of the Cambridge Philosophical Society},
	volume = {61},
	issue = {01},
	year = {1965},
	issn = {1469-8064},
	pages = {7--11},
	numpages = {5},
	doi = {10.1017/S0305004100038573},
	URL = {http://journals.cambridge.org/article_S0305004100038573},
}

@article{Cavenagh08,
	year={2008},
	issn={0139-9918},
	journal={Mathematica Slovaca},
	volume={58},
	issue={6},
	doi={10.2478/s12175-008-0103-2},
	title={The theory and application of latin bitrades: A survey},
	url={http://dx.doi.org/10.2478/s12175-008-0103-2},
	publisher={SP Versita},
	keywords={Primary 05B15; latin square; latin bitrade; latin trade; critical set; random latin square; bachelor latin square},
	author={Cavenagh, Nicholas J.},
	pages={691-718},
	language={English}
}

@article {BrooksSmithStoneTutte40,
    AUTHOR = {Brooks, R. L. and Smith, C. A. B. and Stone, A. H. and Tutte,  W. T.},
     TITLE = {The dissection of rectangles into squares},
   JOURNAL = {Duke Math. J.},
  FJOURNAL = {Duke Mathematical Journal},
    VOLUME = {7},
      YEAR = {1940},
     PAGES = {312--340},
      ISSN = {0012-7094},
   MRCLASS = {48.0X},
  MRNUMBER = {0003040 (2,153d)},
MRREVIEWER = {P. Scherk},
}

@book{Dudeney17,
  title={Amusements in Mathematics},
  author={Dudeney, H.E.},
  year={1917},
  publisher={Dover New York}
}

@article{Conway64,
	author = {Conway,J. H.},
	title = {Mrs Perkins's quilt},
	journal = {Mathematical Proceedings of the Cambridge Philosophical Society},
	volume = {60},
	issue = {03},
	month = {6},
	year = {1964},
	issn = {1469-8064},
	pages = {363--368},
	numpages = {6},
	doi = {10.1017/S0305004100037877},
	URL = {http://journals.cambridge.org/article_S0305004100037877},
}

@article{Tutte48,
	author = {Tutte,W. T.},
	title = {The dissection of equilateral triangles into equilateral triangles},
	journal = {Mathematical Proceedings of the Cambridge Philosophical Society},
	volume = {44},
	issue = {04},
	month = {9},
	year = {1948},
	issn = {1469-8064},
	pages = {463--482},
	numpages = {20},
	doi = {10.1017/S030500410002449X},
	URL = {http://journals.cambridge.org/article_S030500410002449X},
}

@mastersthesis{Rosendorf04,
	author = {Rosendorf,D.},
	title = {Rozklady trojúhelníků a cyklické grupy},
	school = {Charles University in Prague},
	year = {2004},
}

@online{OEIS,
	author = {OEIS Foundation Inc.},
	title = {Padovan sequence},
	year = {2011},
	howpublished = {\url{http://oeis.org/A000931}}
}

@article{Stewart96,
	author = {Stewart, I.},
	title = {Mathematical recreations},
	journal = {Scientific American},
	month = {June},
	year = {1996},
}

@article{DrapalHamalainen10,
  author    = {Ales Dr{\'a}pal and
               Carlo H{\"a}m{\"a}l{\"a}inen},
  title     = {An enumeration of equilateral triangle dissections},
  journal   = {Discrete Applied Mathematics},
  volume    = {158},
  number    = {14},
  year      = {2010},
  pages     = {1479-1495},
  ee        = {http://dx.doi.org/10.1016/j.dam.2010.04.012},
  bibsource = {DBLP, http://dblp.uni-trier.de}
}

@article{BrinkmannMcKay99,
	title = "Fast generation of some classes of planar graphs",
	journal = "Electronic Notes in Discrete Mathematics",
	volume = "3",
	number = "0",
	pages = "28 - 31",
	year = "1999",
	note = "6th Twente Workshop on Graphs and Combinatorial Optimization",
	issn = "1571-0653",
	doi = "10.1016/S1571-0653(05)80016-2",
	url = "http://www.sciencedirect.com/science/article/pii/S1571065305800162",
	author = "G. Brinkmann and B.D. McKay"
}